@online{exemple,
  author = {Auteur 1 et Auteur 2},
  title  = {Titre de la ressource en ligne},
  url    = {google.com},
  year   = {2023}
}